@online{cern-homepage,
  author = {{CERN}},
  title = {CERN - European Organization for Nuclear Research},
  year = {2025},
  url = {https://home.cern/},
  urldate = {2025-04-28},
  organization = {CERN}
}

@online{cern-convention,
  author = {{CERN}},
  title = {Convention for the Establishment of a {European} {Organization} for {Nuclear} {Research}},
  year = {1953},
  url = {https://council.web.cern.ch/en/content/convention-establishment-european-organization-nuclear-research},
  urldate = {2025-04-28},
  organization = {CERN},
  note = {Signed in Paris on 1 July 1953, entered into force on 29 September 1954}
}

@online{cern-tech-impact,
  author = {{CERN}},
  title = {Impact of CERN technologies: from fundamental research to our everyday lives},
  year = {2023},
  url = {https://cds.cern.ch/record/2861714/files/CERN-Brochure-2023-004-Eng.pdf},
  urldate = {2025-06-24},
  organization = {CERN},
}

@article{atlas-experiment,
  author = {{ATLAS Collaboration}},
  collaboration = {ATLAS},
  title         = {The ATLAS Experiment at the CERN Large Hadron Collider},
  journal       = {JINST},
  volume        = {3},
  year          = {2008},
  url           = {http://cds.cern.ch/record/1129811},
  note          = {Also published by CERN Geneva in 2010},
  doi           = {10.1088/1748-0221/3/08/S08003}
}

@article{cms-experiment,
  author = {{CMS Collaboration}},
  collaboration = {CMS},
  title         = {The CMS experiment at the CERN LHC. The Compact Muon Solenoid experiment},
  journal       = {JINST},
  volume        = {3},
  year          = {2008},
  url           = {https://cds.cern.ch/record/1129810},
  note          = {Also published by CERN Geneva in 2010},
  doi           = {10.1088/1748-0221/3/08/S08004}
}

@article{alice-experiment,
  author = {{ALICE Collaboration}},
  collaboration = {ALICE},
  title = {The ALICE experiment at the CERN LHC},
  journal = {JINST},
  volume = {3},
  year = {2008},
  url = {https://iopscience.iop.org/article/10.1088/1748-0221/3/08/S08002},
  doi = {10.1088/1748-0221/3/08/S08002},
  note = {Published under licence by IOP Publishing Ltd}
}

@article{lhcb-experiment,
  author = {{LHCb Collaboration}},
  collaboration = {LHCb},
  title         = {The LHCb Detector at the LHC},
  reportNumber  = {LHCb-DP-2008-001},
  journal       = {JINST},
  volume        = {3},
  pages         = {S08005},
  year          = {2008},
  url           = {https://cds.cern.ch/record/1129809},
  note          = {Also published by CERN Geneva in 2010},
  doi           = {10.1088/1748-0221/3/08/S08005}
}

@techreport{Lebrun:1284331,
  author        = {Lebrun, Ph},
  title         = {Commissioning and First Operation of the Large Hadron Collider (LHC)},
  institution   = {CERN},
  reportNumber  = {CERN-ATS-2010-178},
  address       = {Geneva},
  year          = {2010},
  url           = {https://cds.cern.ch/record/1284331}
}

@article{Kirkby:1310801,
  author        = "Kirkby, Jasper",
  title         = "{The Cloud Project: Climate Research with Accelerators}",
  year          = "2010",
  url           = "https://cds.cern.ch/record/1310801",
}

@online{isolde-facility,
  author        = {Jonson, Björn and Riisager, Karsten},
  title         = {The {ISOLDE} facility},
  year          = {2010},
  url           = {http://www.scholarpedia.org/article/The_ISOLDE_facility},
  urldate       = {2025-04-28},
  journal       = {Scholarpedia},
  volume        = {5},
  number        = {7},
  pages         = {9742},
  doi           = {10.4249/scholarpedia.9742},
  organization  = {CERN}
}

@techreport{Martellotti:2056863,
  author        = "Martellotti, Silvia",
  title         = "{The NA62 Experiment at CERN}",
  archivePrefix = "arXiv",
  eprint        = "1510.00172",
  year          = "2015",
  url           = "https://cds.cern.ch/record/2056863",
}

@techreport{www-proposal,
  author      = {Berners-Lee, Tim and Cailliau, Robert},
  title       = {WorldWideWeb: Proposal for a {HyperText} Project},
  institution = {CERN},
  address     = {CH-1211 Geneva 23, Switzerland},
  year        = {1990},
  url         = {https://cds.cern.ch/record/245440/files/p69.pdf},
  note        = {Proposal document for the initial WorldWideWeb project at CERN},
}

@book{Brüning:782076,
  author        = {Brüning, Oliver Sim and Collier, Paul and Lebrun, P and Myers, Stephen and Ostojic, Ranko and Poole, John and Proudlock, Paul},
  title         = {LHC Design Report},
  publisher     = {CERN},
  address       = {Geneva},
  series        = {CERN Yellow Reports: Monographs},
  year          = {2004},
  url           = {https://cds.cern.ch/record/782076},
  doi           = {10.5170/CERN-2004-003-V-1}
}

@article{Affolder:2799535,
  author        = "Affolder, Tony",
  collaboration = "ATLAS",
  title         = "{ATLAS Phase II Upgrade}",
  year          = "2022",
  url           = "https://cds.cern.ch/record/2799535",
}

@online{InterlakenSpec,
  title = {Interlaken Protocol Definition v1.2},
  author = {Interlaken Alliance},
  year = {2019},
  url = {https://interlakenalliance.com/wp-content/uploads/2019/12/Interlaken_Protocol_Definition_v1.2.pdf},
  urldate = {2025-04-29},
  organization = {Interlaken Alliance}
}

@article{Ilic:2873569,
  author        = "Ilic, Nikolina",
  collaboration = "ATLAS",
  title         = "{FLX-182, the hardware platform for ATLAS readout during
                    High Luminosity LHC}",
  year          = "2023",
  url           = "http://cds.cern.ch/record/2873569",
}

@online{felix-user-manual,
  author = {CERN},
  title = {FELIX User Manual},
  year = {2025},
  url = {https://atlas-project-felix.web.cern.ch/atlas-project-felix/user/felix-doc/index.html},
  urldate = {2025-04-29},
  organization = {CERN}
}

@online{netio3-docs,
  author = {Jonas Till Roemer},
  title = {NetIO3 Documentation},
  year = {2025},
  url = {https://atlas-project-felix.web.cern.ch/atlas-project-felix/docs/netio3-backend/docs/basics.html},
  urldate = {2025-04-29},
  organization = {CERN}
}

@online{prometheus,
  author = {SoundCloud, Cloud Native Computing Foundation},
  title = {Prometheus},
  url = {https://prometheus.io},
  urldate = {2025-05-05}
}

@online{grafana,
  author = {Grafana Labs},
  title = {Grafana},
  url = {https://grafana.com},
  urldate = {2025-05-05}
}

@online{is,
  author = {Serguei Kolos and Haimo Zobernig and Andrei Kazarov and M. Wiesman},
  title = {Information Service},
  collaboration = {ATLAS},
  url = {https://gitlab.cern.ch/atlas-tdaq-software/is},
  urldate = {2025-05-05},
  organization = {CERN}
}

@online{ers,
  author = {Serguei Kolos and Andy Salnikov and Andrei Kazarov},
  title = {Error Reporting Service},
  collaboration = {ATLAS},
  url = {https://gitlab.cern.ch/atlas-tdaq-software/ers},
  urldate = {2025-05-05},
  organization = {CERN}
}

@online{felix-client-thread,
  title = {Felix Client Thread},
  url = {https://atlas-project-felix.web.cern.ch/atlas-project-felix/user/felix-interface/master/headers.html},
  urldate = {2025-05-05},
  organization = {CERN}
}

@online{felix-driver,
  author = {Markus Joos, Jos Vermeulen},
  title = {The “flx” device driver},
  collaboration = {ATLAS},
  url = {https://atlas-project-felix.web.cern.ch/atlas-project-felix/user/docs/felix_driver.pdf},
  urldate = {2025-05-05},
  organization = {CERN}
}

@online{cmem-rcc,
  author = {Markus Joos},
  title = {A package for the allocation of contiguous memory on Linux systems},
  collaboration = {ATLAS},
  url = {https://edms.cern.ch/ui/file/336290/3/cmem_rcc.pdf},
  urldate = {2025-05-07},
  organization = {CERN}
}

@misc{netio3-header-commit,
  author = {Mario Shehu},
  title = {New NetIO buffer data format },
  year = {2025},
  howpublished = {Commit 9e25481f in ATLAS TDAQ FELIX netio3 repository},
  url = {https://gitlab.cern.ch/atlas-tdaq-felix/netio3/-/commit/9e25481f920a5a2fcda25e2e70f0641fcfe00ff7},
  urldate = {2025-05-06},
  organization = {CERN}
}

@techreport{gbtx,
  author = {GBT project},
  title = {GBTX MANUAL},
  collaboration = {ATLAS},
  url = {https://cds.cern.ch/record/2809057/files/gbtxManual.pdf},
  urldate = {2025-05-08},
  organization = {CERN}
}

@online{felix-distribution,
  author = {Readout Team},
  title = {Felix Distribution},
  collaboration = {ATLAS},
  url = {https://gitlab.cern.ch/atlas-tdaq-felix/felix-distribution},
  urldate = {2025-05-07},
  organization = {CERN}
}

@techreport{fid,
  author = {Carlo Alberto Gottardo},
  title = {FELIX Resource Identifier Specification for Sub-detector Links},
  collaboration = {ATLAS},
  url = {https://atlas-project-felix.web.cern.ch/atlas-project-felix/user/docs/LinkMappingSpecification.pdf},
  urldate = {2025-05-08},
  organization = {CERN}
}

@online{futimens,
  title        = {futimens(3) - Linux manual page},
  author       = {The Linux man-pages project},
  year         = {2024},
  url          = {https://man.archlinux.org/man/futimens.3.en},
  note         = {Accessed: 2025-05-09}
}

@techreport{felix-software-specs,
  author = {FELIX software team},
  title = {ATLAS FELIX software Phase-II Upgrade: Software specification and preliminary design},
  collaboration = {ATLAS},
  url = {https://atlas-project-felix.web.cern.ch/atlas-project-felix/user/docs/FELIX_Phase2_software_specs.pdf},
  urldate = {2025-05-10},
  organization = {CERN}
}

@techreport{swrod-repository,
  title = {Software ROD repository},
  collaboration = {ATLAS},
  url = {https://gitlab.cern.ch/atlas-tdaq-software/swrod},
  urldate = {2025-05-10},
  organization = {CERN}
}

@online{vivado,
  author       = {AMD},
  title        = {Vivado},
  year         = {2025},
  url          = {https://www.amd.com/en/products/software/adaptive-socs-and-fpgas/vivado.html},
  note         = {Accessed: 2025-05-09},
  organization = {AMD}
}

@online{matplotlib,
  author       = {Matplotlib},
  title        = {Matplotlib},
  year         = {2025},
  url          = {https://github.com/matplotlib/matplotlib},
  note         = {Accessed: 2025-05-09},
}

@online{ansible,
  author       = {Ansible},
  title        = {Ansible},
  year         = {2025},
  url          = {https://github.com/ansible/ansible},
  note         = {Accessed: 2025-05-09},
}

@misc{cern_science_gateway,
  author = {CERN},
  title = {CERN Science Gateway pre-inauguration for the CERN community},
  year = {2023},
  howpublished = {[Image]},
  note = {Retrieved from \url{https://home.cern/news/news/cern/cern-science-gateway-pre-inauguration-cern-community}}
}

@online{cern_accelerator_complex,
  author = {CERN},
  title = {The Accelerator Complex at CERN},
  year = {2025},
  url = {https://home.cern/science/accelerators/accelerator-complex},
  urldate = {2025-05-22},
  organization = {CERN}
}

@online{lhc_tunnel_map,
  author = {CERN},
  title = {Large Hadron Collider (LHC)},
  year = {2025},
  url = {https://supernova.eso.org/exhibition/images/cern-aerial-cc/},
  urldate = {2025-05-22},
  organization = {CERN}
}

@online{atlas_detector,
  author = {ATLAS Collaboration},
  title = {The ATLAS Detector},
  year = {2025},
  url = {https://atlas.cern/discover/detector},
  urldate = {2025-05-22},
  organization = {CERN}
}

@online{lhc_upgrade_schedule,
  author = {CERN},
  title = {High-Luminosity LHC Upgrade Schedule},
  year = {2025},
  url = {https://home.cern/science/accelerators/high-luminosity-lhc},
  urldate = {2025-05-22},
  organization = {CERN}
}

@article{atlas-higgs-discovery,
  author        = "ATLAS Collaboration",
  title         = "{Observation of a new particle in the search for the Standard Model Higgs boson with the ATLAS detector at the LHC}",
  journal       = "Physics Letter B",
  volume        = "716",
  pages         = "1-29",
  year          = "2012",
  doi           = "10.1016/j.physletb.2012.08.020",
  url           = "https://www.sciencedirect.com/science/article/pii/S037026931200857X",
}

@online{standard-model,
  author = {CERN},
  title = {The Standard Model of Particle Physics},
  year = {2025},
  url = {https://home.cern/science/physics/standard-model},
  urldate = {2025-05-23},
  organization = {CERN}
}

@online{lpgbt,
  author = {lpGBT design team},
  title = {lpGBT manual},
  year = {2024},
  url = {https://cds.cern.ch/record/2809058/files/lpGBT_manual.pdf},
  urldate = {2025-05-23},
  organization = {CERN}
}

@techreport{tdaq,
      collaboration = "ATLAS",
      title         = "{Technical Design Report for the Phase-II Upgrade of the
                       ATLAS TDAQ System}",
      institution   = "CERN",
      reportNumber  = "CERN-LHCC-2017-020, ATLAS-TDR-029",
      address       = "Geneva",
      year          = "2017",
      url           = "https://cds.cern.ch/record/2285584",
      doi           = "10.17181/CERN.2LBB.4IAL",
}

@article{hgtd-phase2-upgrade,
  author        = "Wu, Mengqing on behalf of the ATLAS HGTD Group",
  title         = "{A High-Granularity Timing Detector for the ATLAS Phase-II Upgrade}",
  institution   = "Radboud University/Nikhef, CERN",
  year          = "2023",
  url           = "https://cds.cern.ch/record/2846406/files/ATL-HGTD-PROC-2023-002.pdf",
}

@inproceedings{atlas-itk-pixel-detector,
  author       = {A.L. Heggelund and F.M. Sanchez and F. Rizatdinova},
  title        = {Overview of the ATLAS ITk Pixel Detector},
  year         = {2022},
  organization = {ATLAS Collaboration},
  note         = {Presented on behalf of the ATLAS collaboration},
  institution  = {University of Oslo, CERN}
}

@online{firefly-optical-transceiver,
  title = {FireFly Optical Transceivers},
  year = {2025},
  url = {https://www.samtec.com/optics/systems/firefly/},
  urldate = {2025-05-24},
  organization = {Samtec}
}

@online{alti,
  title = {Atlas Local Trigger Interface},
  year = {2025},
  url = {https://ep-ese.web.cern.ch/project/atlas-alti},
  urldate = {2025-05-24},
  organization = {CERN}
}

@online{gbt-versatile-link,
  title = {GBT and Versatile Link Project},
  year = {2025},
  url = {https://ep-ese.web.cern.ch/project/gbt-and-versatile-link},
  urldate = {2025-05-24},
  organization = {CERN}
}

@online{fullmode,
  title = {FELIX: the new detector interface for the ATLAS experiment},
  collaboration = {ATLAS TDAQ},
  year = {2025},
  url = {https://cds.cern.ch/record/2650045/files/10.1051_epjconf_201921401023.pdf},
  urldate = {2025-05-24},
  organization = {CERN}
}

@online{supervisord,
  author = {Supervisor Developers},
  title = {Supervisor: A Process Control System},
  year = {2025},
  url = {https://supervisord.org/},
  urldate = {2025-05-24},
  organization = {Supervisor Project}
}

@phdthesis{buschmann2019itk,
  author       = {Eric Buschmann},
  title        = {The Readout System for the ITk Pixel Demonstrator for the ATLAS High-Luminosity Upgrade},
  school       = {Georg-August-Universität Göttingen},
  year         = {2019},
  address      = {Göttingen},
  type         = {Dissertation}
}

@online{opc-ua,
  title = {OPC UA - Unified Architecture},
  year = {2025},
  url = {https://opcfoundation.org/about/opc-technologies/opc-ua/},
  urldate = {2025-05-25},
  organization = {OPC Foundation}
}

@online{libfabric,
  title = {libfabric: Open Fabrics Interfaces},
  year = {2025},
  url = {https://ofiwg.github.io/libfabric/},
  urldate = {2025-05-25},
  organization = {OpenFabrics Interfaces Working Group (OFIWG)}
}

@online{lpgbt-image-source,
  title = {lpGBT},
  year = {2025},
  url = {https://gbtproject.web.cern.ch/gbtproject/lpgbt/},
  urldate = {2025-05-25},
  organization = {CERN}
}

@online{bunch-crossing-tool,
  title = {Filling Schemes - bunch crossing},
  year = {2025},
  url = {https://lpc.web.cern.ch/cgi-bin/filling_schemes.py},
  urldate = {2025-05-25},
  organization = {CERN}
}

@online{flamegraph,
  author = {Brendan Gregg},
  title = {FlameGraph},
  year = {2025},
  url = {https://github.com/brendangregg/FlameGraph},
  urldate = {2025-06-03},
  note = {A visualization tool for profiling software performance},
}

@online{aurora-protocol,
  author = {AMD (formerly Xilinx)},
  title = {Aurora 64B/66B Protocol},
  year = {2025},
  url = {https://www.amd.com/en/products/adaptive-socs-and-fpgas/intellectual-property/aurora64b66b.html},
  urldate = {2025-06-04},
  organization = {AMD}
}

@misc{felix-star-clog-to-ers,
  author       = {Mario Shehu},
  title        = {Migration of the felix-star logging system to ERS},
  year         = {2025},
  howpublished = {Commit 93a7fac8e1bbda1086ccfd7d73fd704df82392d9 in ATLAS TDAQ FELIX Star repository},
  url          = {https://gitlab.cern.ch/atlas-tdaq-felix/felix-star/-/commit/93a7fac8e1bbda1086ccfd7d73fd704df82392d9},
  urldate      = {2025-06-04},
  organization = {CERN}
}

@misc{felix-star-trickle-configuration,
  author       = {Mario Shehu},
  title        = {Trickle Configuration},
  year         = {2025},
  howpublished = {Commit 65368d122f68cbd5eb1877c0973f5cf043339e55 in ATLAS TDAQ FELIX Star repository},
  url          = {https://gitlab.cern.ch/atlas-tdaq-felix/felix-star/-/commit/65368d122f68cbd5eb1877c0973f5cf043339e55},
  urldate      = {2025-06-04},
  organization = {CERN}
}

@misc{felix-star-trickle-client,
  author       = {Mario Shehu},
  title        = {Trickle Configuration Client},
  year         = {2025},
  howpublished = {Commit dc845c66b968504634a87df03ff333b7c45c098f in ATLAS TDAQ FELIX Star repository},
  url          = {https://gitlab.cern.ch/atlas-tdaq-felix/felix-client/-/commit/dc845c66b968504634a87df03ff333b7c45c098f},
  urldate      = {2025-06-04},
  organization = {CERN}
}

@misc{asyncmsg,
  author       = {Tommaso Colombo, Reiner Hauser, Fabrice Le Goff},
  title        = {asyncmsg},
  year         = {2025},
  url          = {https://gitlab.cern.ch/atlas-tdaq-software/asyncmsg/-/tree/master?ref_type=heads},
  urldate      = {2025-06-04},
  organization = {CERN}
}

@misc{HighLumiLHC,
  author       = {CERN},
  title        = {High-Luminosity LHC - FAQ},
  year         = {2025},
  url          = {https://home.cern/resources/faqs/high-luminosity-lhc},
  urldate      = {2025-06-29},
  organization = {CERN}
}

@misc{nsw,
  author       = {Bernd Stelzer for the ATLAS Muon Collaboration},
  title        = {The New Small Wheel Upgrade Project of the ATLAS Experiment},
  year         = {2016},
  url          = {https://cds.cern.ch/record/1958265/files/nppp273-1160.pdf},
  urldate      = {2025-06-29},
  organization = {CERN}
}

@misc{protodune,
  author       = {R. Sipos and M. Boretto - for the DUNE Collaboration},
  title        = {The readout system of the DUNE experiment},
  year         = {2025},
  url          = {https://indico.cern.ch/event/1483219/contributions/6319153/attachments/3007123/5301489/DAQ@LHC-DUNEReadout.pdf},
  urldate      = {2025-07-01},
  organization = {CERN}
}

@misc{sphenix,
  author       = {Martin L. Purschke},
  title        = {Combining Triggered and Streaming Readout - The sPHENIX DAQ System},
  year         = {2020},
  url          = {https://indico.global/event/6798/contributions/57248/},
  urldate      = {2025-07-01},
  organization = {BNL}
}

@misc{timepix4,
  author       = {X. Llopart and J. Alozy and R. Ballabriga and M. Campbell and R. Casanova and V. Gromov and E.H.M. Heijne and T. Poikela and E. Santin and V. Sriskaran},
  title        = {Timepix4, a large area pixel detector readout chip which can be tiled on 4 sides providing sub-200 ps timestamp binning},
  year         = {2022},
  url          = {https://iopscience.iop.org/article/10.1088/1748-0221/17/01/C01044},
  urldate      = {2025-07-01},
}

@misc{spidr4,
  author       = {Nikhef},
  title        = {SPIDR4},
  year         = {2022},
  url          = {https://spidr4.nikhef.nl/},
  urldate      = {2025-07-01},
  organization = {Nikhef}
}

@misc{felix-star-monitoring,
  author       = {Mario Shehu},
  title        = {Monitoring System},
  year         = {2025},
  howpublished = {Commit 2748e1c5683cc28f3bcd6150e17ed00541cc95b4 in ATLAS TDAQ FELIX Star repository},
  url          = {https://gitlab.cern.ch/atlas-tdaq-felix/felix-star/-/commit/2748e1c5683cc28f3bcd6150e17ed00541cc95b4},
  urldate      = {2025-07-03},
  organization = {CERN}
}
